<?xml version="1.0" encoding="UTF-8" ?>
<collection xmlns="http://www.loc.gov/MARC21/slim"
    xmlns:xsi="http://www.w3.org/2001/XMLSchema-instance"
    xsi:schemaLocation="http://www.loc.gov/MARC21/slim http://www.loc.gov/standards/marcxml/schema/MARC21slim.xsd">
    <!--<record>
        <leader>00763 am a2200241 x 4500</leader>
        <controlfield tag="001">991938873804341</controlfield>
        <controlfield tag="005">20161025091615.0</controlfield>
        <controlfield tag="008">860716s1985    enk     w     00011 eng  </controlfield>
        <datafield tag="015" ind1=" " ind2=" ">
            <subfield code="a">b8529815</subfield>
        </datafield>
        <datafield tag="020" ind1=" " ind2=" ">
            <subfield code="a">000231469x</subfield>
        </datafield>
        <datafield tag="035" ind1=" " ind2=" ">
            <subfield code="9">0200-10260</subfield>
        </datafield>
        <datafield tag="035" ind1=" " ind2=" ">
            <subfield code="a">(StEdNL)193887-nlsdb-Voyager</subfield>
        </datafield>
        <datafield tag="035" ind1=" " ind2=" ">
            <subfield code="a">193887</subfield>
        </datafield>
        <datafield tag="040" ind1=" " ind2=" ">
            <subfield code="a">StEdNL</subfield>
        </datafield>
        <datafield tag="082" ind1="0" ind2="0">
            <subfield code="a">823/.912</subfield>
            <subfield code="2">19</subfield>
            <subfield code="d">F</subfield>
        </datafield>
        <datafield tag="100" ind1="1" ind2=" ">
            <subfield code="a">Christie, Agatha,</subfield>
            <subfield code="d">1890-1976.</subfield>
        </datafield>
        <datafield tag="245" ind1="1" ind2="2">
            <subfield code="a">A Miss Marple quartet</subfield>
            <subfield code="c">Agatha Christie</subfield>
        </datafield>
        <datafield tag="260" ind1=" " ind2=" ">
            <subfield code="a">London</subfield>
            <subfield code="b">Collins</subfield>
            <subfield code="c">1985</subfield>
        </datafield>
        <datafield tag="300" ind1=" " ind2=" ">
            <subfield code="a">664p</subfield>
            <subfield code="c">23cm</subfield>
        </datafield>
        <datafield tag="350" ind1="0" ind2="0">
            <subfield code="a">£9.95 : CIP rev.</subfield>
        </datafield>
        <datafield tag="505" ind1="0" ind2="0">
            <subfield code="a">Contents: The body in the library. - The moving finger. - A murder is announced. Originally published 1950. - A pocket full of rye. Originally published 1953</subfield>
        </datafield>
        <datafield tag="955" ind1="0" ind2="0">
            <subfield code="a">N3.85.1560</subfield>
            <subfield code="b">N3</subfield>
        </datafield>
        <datafield tag="956" ind1=" " ind2=" ">
            <subfield code="a">NLS</subfield>
        </datafield>
    </record>