-->
    <record>
        <leader>00798cam a2200277 x 4500</leader>
        <controlfield tag="001">991939253804341</controlfield>
        <controlfield tag="005">20161025091616.0</controlfield>
        <controlfield tag="008">791103s1979    enk     w     0001j eng  </controlfield>
        <datafield tag="015" ind1=" " ind2=" ">
            <subfield code="a">B7934551</subfield>
        </datafield>
        <datafield tag="020" ind1=" " ind2=" ">
            <subfield code="a">0002315963</subfield>
        </datafield>
        <datafield tag="035" ind1=" " ind2=" ">
            <subfield code="9">0200-14060</subfield>
        </datafield>
        <datafield tag="035" ind1=" " ind2=" ">
            <subfield code="a">(StEdNL)193925-nlsdb-Voyager</subfield>
        </datafield>
        <datafield tag="035" ind1=" " ind2=" ">
            <subfield code="a">193925</subfield>
        </datafield>
        <datafield tag="040" ind1=" " ind2=" ">
            <subfield code="a">StEdNL</subfield>
        </datafield>
        <datafield tag="049" ind1="0" ind2="0">
            <subfield code="a">NL</subfield>
            <subfield code="b">800606</subfield>
            <subfield code="c">BL</subfield>
            <subfield code="d">800927</subfield>
            <subfield code="e">E</subfield>
            <subfield code="f">050</subfield>
            <subfield code="g">NL</subfield>
            <subfield code="i">NL</subfield>
            <subfield code="z">EC HR NL</subfield>
        </datafield>
        <datafield tag="082" ind1="0" ind2="0">
            <subfield code="a">823/.9/1</subfield>
            <subfield code="2">18</subfield>
            <subfield code="d">FS</subfield>
        </datafield>
        <datafield tag="087" ind1="0" ind2="0">
            <subfield code="a">Nov.39495</subfield>
            <subfield code="b">Woolwich</subfield>
        </datafield>
        <datafield tag="100" ind1="1" ind2=" ">
            <subfield code="a">Christie, Agatha,</subfield>
            <subfield code="d">1890-1976.</subfield>
        </datafield>
        <datafield tag="245" ind1="1" ind2="0">
            <subfield code="a">Miss Marple's final cases, and two other stories</subfield>
            <subfield code="c">Agatha Christie</subfield>
        </datafield>
        <datafield tag="260" ind1=" " ind2=" ">
            <subfield code="a">London</subfield>
            <subfield code="b">Collins [for] the Crime Club</subfield>
            <subfield code="c">1979</subfield>
        </datafield>
        <datafield tag="300" ind1=" " ind2=" ">
            <subfield code="a">138p</subfield>
            <subfield code="c">22cm</subfield>
        </datafield>
        <datafield tag="350" ind1="0" ind2="0">
            <subfield code="a">£4.50</subfield>
        </datafield>
        <datafield tag="490" ind1="0" ind2="0">
            <subfield code="a">The Crime Club</subfield>
        </datafield>
        <datafield tag="650" ind1=" " ind2="0">
            <subfield code="a">Short stories, English.</subfield>
        </datafield>
        <datafield tag="955" ind1="0" ind2="0">
            <subfield code="a">N3.79.860</subfield>
            <subfield code="b">N3</subfield>
        </datafield>
        <datafield tag="956" ind1=" " ind2=" ">
            <subfield code="a">NLS</subfield>
        </datafield>
    </record>