
    <!--<record>
        <leader>00879 am a2200277 x 4500</leader>
        <controlfield tag="001">991942003804341</controlfield>
        <controlfield tag="005">20161025091624.0</controlfield>
        <controlfield tag="008">781020r19781930enk     w     00011 eng  </controlfield>
        <datafield tag="015" ind1=" " ind2=" ">
            <subfield code="a">B7834827</subfield>
        </datafield>
        <datafield tag="020" ind1=" " ind2=" ">
            <subfield code="a">0002444909</subfield>
        </datafield>
        <datafield tag="035" ind1=" " ind2=" ">
            <subfield code="9">0200-41560</subfield>
        </datafield>
        <datafield tag="035" ind1=" " ind2=" ">
            <subfield code="a">(StEdNL)194200-nlsdb-Voyager</subfield>
        </datafield>
        <datafield tag="035" ind1=" " ind2=" ">
            <subfield code="a">194200</subfield>
        </datafield>
        <datafield tag="040" ind1=" " ind2=" ">
            <subfield code="a">StEdNL</subfield>
        </datafield>
        <datafield tag="049" ind1="0" ind2="0">
            <subfield code="a">NL</subfield>
            <subfield code="b">800606</subfield>
            <subfield code="c">NL</subfield>
            <subfield code="d">800606</subfield>
            <subfield code="e">E</subfield>
            <subfield code="f">200</subfield>
            <subfield code="g">NL</subfield>
            <subfield code="h">*</subfield>
            <subfield code="i">NL</subfield>
            <subfield code="z">EC NL</subfield>
        </datafield>
        <datafield tag="082" ind1="0" ind2="0">
            <subfield code="a">823/.9/1</subfield>
            <subfield code="2">18</subfield>
            <subfield code="d">F</subfield>
        </datafield>
        <datafield tag="100" ind1="1" ind2=" ">
            <subfield code="a">Christie, Agatha,</subfield>
            <subfield code="d">1890-1976.</subfield>
        </datafield>
        <datafield tag="245" ind1="1" ind2="2">
            <subfield code="a">A Miss Marple quintet</subfield>
            <subfield code="c">Agatha Christie</subfield>
        </datafield>
        <datafield tag="260" ind1=" " ind2=" ">
            <subfield code="a">London</subfield>
            <subfield code="b">Collins</subfield>
            <subfield code="c">1978</subfield>
        </datafield>
        <datafield tag="300" ind1=" " ind2=" ">
            <subfield code="a">901p</subfield>
            <subfield code="c">23cm</subfield>
        </datafield>
        <datafield tag="350" ind1="0" ind2="0">
            <subfield code="a">£4.95</subfield>
        </datafield>
        <datafield tag="490" ind1="0" ind2="0">
            <subfield code="a">Collins collector's choice</subfield>
        </datafield>
        <datafield tag="505" ind1="0" ind2="0">
            <subfield code="a">Contents: The murder at the vicarage - A murder is announced - A pocket full of rye - The mirror crack'd from side to side - At Bertram's Hotel</subfield>
        </datafield>
        <datafield tag="650" ind1=" " ind2="0">
            <subfield code="a">English fiction.</subfield>
        </datafield>
        <datafield tag="955" ind1="0" ind2="0">
            <subfield code="a">N3.79.1043</subfield>
            <subfield code="b">N3</subfield>
        </datafield>
        <datafield tag="956" ind1=" " ind2=" ">
            <subfield code="a">NLS</subfield>
        </datafield>
    </record>