-->
    <record>
        <leader>00759 am a2200265 x 4500</leader>
        <controlfield tag="001">991956883804341</controlfield>
        <controlfield tag="005">20161025091642.0</controlfield>
        <controlfield tag="008">780715r19781976enk     w     00011 eng  </controlfield>
        <datafield tag="015" ind1=" " ind2=" ">
            <subfield code="a">B7822928</subfield>
        </datafield>
        <datafield tag="020" ind1=" " ind2=" ">
            <subfield code="a">0006145906</subfield>
        </datafield>
        <datafield tag="035" ind1=" " ind2=" ">
            <subfield code="9">0201-96060</subfield>
        </datafield>
        <datafield tag="035" ind1=" " ind2=" ">
            <subfield code="a">(StEdNL)195688-nlsdb-Voyager</subfield>
        </datafield>
        <datafield tag="035" ind1=" " ind2=" ">
            <subfield code="a">195688</subfield>
        </datafield>
        <datafield tag="040" ind1=" " ind2=" ">
            <subfield code="a">StEdNL</subfield>
        </datafield>
        <datafield tag="049" ind1="0" ind2="0">
            <subfield code="a">NL</subfield>
            <subfield code="b">800606</subfield>
            <subfield code="c">BL</subfield>
            <subfield code="d">800927</subfield>
            <subfield code="e">E</subfield>
            <subfield code="f">050</subfield>
            <subfield code="g">NL</subfield>
            <subfield code="i">NL</subfield>
            <subfield code="z">NL</subfield>
        </datafield>
        <datafield tag="082" ind1="0" ind2="0">
            <subfield code="a">823/.9/1</subfield>
            <subfield code="2">18</subfield>
            <subfield code="d">F</subfield>
        </datafield>
        <datafield tag="100" ind1="1" ind2=" ">
            <subfield code="a">Christie, Agatha,</subfield>
            <subfield code="d">1890-1976.</subfield>
        </datafield>
        <datafield tag="245" ind1="1" ind2="0">
            <subfield code="a">Sleeping murder</subfield>
            <subfield code="b">Miss Marple's last case</subfield>
            <subfield code="c">Agatha Christie</subfield>
        </datafield>
        <datafield tag="260" ind1=" " ind2=" ">
            <subfield code="a">[London]</subfield>
            <subfield code="b">Fontana</subfield>
            <subfield code="c">1978</subfield>
        </datafield>
        <datafield tag="300" ind1=" " ind2=" ">
            <subfield code="a">192p</subfield>
            <subfield code="c">18cm</subfield>
            <subfield code="e">pbk</subfield>
        </datafield>
        <datafield tag="350" ind1="0" ind2="0">
            <subfield code="a">£0.75</subfield>
        </datafield>
        <datafield tag="500" ind1=" " ind2=" ">
            <subfield code="a">Originally published: London : Collins, 1976</subfield>
        </datafield>
        <datafield tag="650" ind1=" " ind2="0">
            <subfield code="a">English fiction.</subfield>
        </datafield>
        <datafield tag="955" ind1="0" ind2="0">
            <subfield code="a">NPB1.78.767</subfield>
            <subfield code="b">NPB</subfield>
        </datafield>
        <datafield tag="956" ind1=" " ind2=" ">
            <subfield code="a">NLS</subfield>
        </datafield>
    </record>