-->
    <record>
        <leader>00737 am a2200253 x 4500</leader>
        <controlfield tag="001">991964503804341</controlfield>
        <controlfield tag="005">20200110170957.0</controlfield>
        <controlfield tag="008">731024r19831979stk     w     0001j eng  </controlfield>
        <datafield tag="015" ind1=" " ind2=" ">
            <subfield code="a">b8339637</subfield>
        </datafield>
        <datafield tag="020" ind1=" " ind2=" ">
            <subfield code="a">0006167950</subfield>
        </datafield>
        <datafield tag="035" ind1=" " ind2=" ">
            <subfield code="9">0202-73160</subfield>
        </datafield>
        <datafield tag="035" ind1=" " ind2=" ">
            <subfield code="a">(StEdNL)196450-nlsdb-Voyager</subfield>
        </datafield>
        <datafield tag="040" ind1=" " ind2=" ">
            <subfield code="a">StEdNL</subfield>
        </datafield>
        <datafield tag="049" ind1="0" ind2="0">
            <subfield code="a">BL</subfield>
            <subfield code="b">831116</subfield>
            <subfield code="c">BL</subfield>
            <subfield code="d">831116</subfield>
            <subfield code="e">BN</subfield>
            <subfield code="f">050</subfield>
            <subfield code="g">SC</subfield>
            <subfield code="i">NL</subfield>
            <subfield code="z">EC NL</subfield>
        </datafield>
        <datafield tag="082" ind1="0" ind2="0">
            <subfield code="a">823/.912</subfield>
            <subfield code="d">F</subfield>
            <subfield code="2">19</subfield>
        </datafield>
        <datafield tag="100" ind1="1" ind2="0">
            <subfield code="a">Christie, Agatha,</subfield>
            <subfield code="d">1890-1976.</subfield>
        </datafield>
        <datafield tag="245" ind1="1" ind2="0">
            <subfield code="a">Miss Marple's final cases</subfield>
            <subfield code="c">Agatha Christie</subfield>
        </datafield>
        <datafield tag="260" ind1=" " ind2=" ">
            <subfield code="a">[Glasgow]</subfield>
            <subfield code="b">Fontana</subfield>
            <subfield code="c">1980, c1979</subfield>
            <subfield code="k">1983 [printing]</subfield>
        </datafield>
        <datafield tag="300" ind1=" " ind2=" ">
            <subfield code="a">154p</subfield>
            <subfield code="c">18cm</subfield>
            <subfield code="e">pbk</subfield>
        </datafield>
        <datafield tag="350" ind1="0" ind2="0">
            <subfield code="a">£1.25</subfield>
        </datafield>
        <datafield tag="500" ind1=" " ind2=" ">
            <subfield code="a">Originally published: London : Collins, 1979</subfield>
        </datafield>
        <datafield tag="919" ind1=" " ind2=" ">
            <subfield code="a">NBS</subfield>
        </datafield>
        <datafield tag="955" ind1="0" ind2="0">
            <subfield code="a">NPB1.83.891</subfield>
            <subfield code="b">NPB</subfield>
        </datafield>
        <datafield tag="956" ind1=" " ind2=" ">
            <subfield code="a">NLS</subfield>
        </datafield>
    </record>