
<!--    <record>
        <leader>00857pam a22002655x 4500</leader>
        <controlfield tag="001">993999773804341</controlfield>
        <controlfield tag="005">20161025104324.0</controlfield>
        <controlfield tag="008">980116r19971985enk           00000 eng b</controlfield>
        <datafield tag="015" ind1=" " ind2=" ">
            <subfield code="a">b9749747</subfield>
        </datafield>
        <datafield tag="020" ind1=" " ind2=" ">
            <subfield code="a">0006499562</subfield>
        </datafield>
        <datafield tag="020" ind1="1" ind2="0">
            <subfield code="a">0006499562</subfield>
            <subfield code="c">m</subfield>
        </datafield>
        <datafield tag="035" ind1=" " ind2=" ">
            <subfield code="9">2153-64760</subfield>
        </datafield>
        <datafield tag="035" ind1=" " ind2=" ">
            <subfield code="a">(StEdNL)399977-nlsdb-Voyager</subfield>
        </datafield>
        <datafield tag="035" ind1=" " ind2=" ">
            <subfield code="a">399977</subfield>
        </datafield>
        <datafield tag="040" ind1="0" ind2="0">
            <subfield code="a">CA/U-1</subfield>
        </datafield>
        <datafield tag="091" ind1="0" ind2="0">
            <subfield code="a">c899612655</subfield>
        </datafield>
        <datafield tag="100" ind1="1" ind2=" ">
            <subfield code="a">Hart, Anne.</subfield>
        </datafield>
        <datafield tag="245" ind1="1" ind2="0">
            <subfield code="a">Agatha Christie's Miss Marple :</subfield>
            <subfield code="b">the life and times of Miss Jane Marple /</subfield>
            <subfield code="c">Anne Hart.</subfield>
        </datafield>
        <datafield tag="260" ind1=" " ind2=" ">
            <subfield code="a">London :</subfield>
            <subfield code="b">HarperCollins,</subfield>
            <subfield code="c">1997, c1985.</subfield>
        </datafield>
        <datafield tag="300" ind1=" " ind2=" ">
            <subfield code="a">ix,150p</subfield>
            <subfield code="c">18cm</subfield>
            <subfield code="e">pbk</subfield>
        </datafield>
        <datafield tag="500" ind1=" " ind2=" ">
            <subfield code="a">Originally published: U.S.A. : Dodd, Mead &amp; Co., 1985.</subfield>
        </datafield>
        <datafield tag="600" ind1="1" ind2="0">
            <subfield code="a">Christie, Agatha,</subfield>
            <subfield code="d">1890-1976</subfield>
            <subfield code="x">Characters</subfield>
            <subfield code="x">Miss Marple.</subfield>
        </datafield>
        <datafield tag="650" ind1=" " ind2="0">
            <subfield code="a">Detective and mystery stories, English</subfield>
            <subfield code="x">History and criticism.</subfield>
        </datafield>
        <datafield tag="955" ind1=" " ind2=" ">
            <subfield code="a">NPB1.98.347</subfield>
            <subfield code="b">NPB</subfield>
        </datafield>
        <datafield tag="956" ind1=" " ind2=" ">
            <subfield code="a">NLS</subfield>
        </datafield>
    </record>