-->
    <record>
        <leader>01217pam a2200337 x 4500</leader>
        <controlfield tag="001">994015553804341</controlfield>
        <controlfield tag="005">20161025104332.0</controlfield>
        <controlfield tag="008">980121s1997    enk           0001j eng b</controlfield>
        <datafield tag="015" ind1=" " ind2=" ">
            <subfield code="a">b9746056</subfield>
        </datafield>
        <datafield tag="020" ind1=" " ind2=" ">
            <subfield code="a">0006499627</subfield>
        </datafield>
        <datafield tag="020" ind1="1" ind2="0">
            <subfield code="a">0006499627</subfield>
            <subfield code="c">m</subfield>
        </datafield>
        <datafield tag="035" ind1=" " ind2=" ">
            <subfield code="9">2155-34360</subfield>
        </datafield>
        <datafield tag="035" ind1=" " ind2=" ">
            <subfield code="a">(StEdNL)401555-nlsdb-Voyager</subfield>
        </datafield>
        <datafield tag="035" ind1=" " ind2=" ">
            <subfield code="a">401555</subfield>
        </datafield>
        <datafield tag="040" ind1="0" ind2="0">
            <subfield code="a">OX/U-1</subfield>
        </datafield>
        <datafield tag="082" ind1="0" ind2="0">
            <subfield code="a">823.912</subfield>
            <subfield code="2">21</subfield>
            <subfield code="d">F</subfield>
        </datafield>
        <datafield tag="091" ind1="0" ind2="0">
            <subfield code="a">O12262549</subfield>
        </datafield>
        <datafield tag="100" ind1="1" ind2=" ">
            <subfield code="a">Christie, Agatha,</subfield>
            <subfield code="d">1890-1976.</subfield>
        </datafield>
        <datafield tag="245" ind1="1" ind2="0">
            <subfield code="a">Miss Marple :</subfield>
            <subfield code="b">the complete short stories /</subfield>
            <subfield code="c">Agatha Christie.</subfield>
        </datafield>
        <datafield tag="260" ind1=" " ind2=" ">
            <subfield code="a">London :</subfield>
            <subfield code="b">HarperCollins,</subfield>
            <subfield code="c">1997.</subfield>
        </datafield>
        <datafield tag="300" ind1=" " ind2=" ">
            <subfield code="a">viii,359p</subfield>
            <subfield code="c">20cm</subfield>
            <subfield code="e">pbk</subfield>
        </datafield>
        <datafield tag="350" ind1="0" ind2="0">
            <subfield code="a">£6.99</subfield>
        </datafield>
        <datafield tag="500" ind1=" " ind2=" ">
            <subfield code="a">Stories taken from: The thirteen problems, 1932 - The adventure of the Christmas pudding, 1960 - Miss Marple's final cases, 1979.</subfield>
        </datafield>
        <datafield tag="650" ind1=" " ind2="0">
            <subfield code="a">Detective and mystery stories, English.</subfield>
        </datafield>
        <datafield tag="650" ind1=" " ind2="0">
            <subfield code="a">Marple, Jane (Fictitious character)</subfield>
            <subfield code="x">Fiction.</subfield>
        </datafield>
        <datafield tag="650" ind1=" " ind2="0">
            <subfield code="a">Women detectives</subfield>
            <subfield code="z">England</subfield>
            <subfield code="x">Fiction.</subfield>
        </datafield>
        <datafield tag="700" ind1="1" ind2=" ">
            <subfield code="a">Christie, Agatha,</subfield>
            <subfield code="d">1890-1976.</subfield>
            <subfield code="t">Adventure of the Christmas pudding.</subfield>
        </datafield>
        <datafield tag="700" ind1="1" ind2=" ">
            <subfield code="a">Christie, Agatha,</subfield>
            <subfield code="d">1890-1976.</subfield>
            <subfield code="t">Miss Marple's final cases.</subfield>
        </datafield>
        <datafield tag="700" ind1="1" ind2=" ">
            <subfield code="a">Christie, Agatha,</subfield>
            <subfield code="d">1890-1976.</subfield>
            <subfield code="t">Thirteen problems.</subfield>
        </datafield>
        <datafield tag="955" ind1=" " ind2=" ">
            <subfield code="a">NPB1.98.408</subfield>
            <subfield code="b">NPB</subfield>
        </datafield>
        <datafield tag="956" ind1=" " ind2=" ">
            <subfield code="a">NLS</subfield>
        </datafield>
    </record>