
<!--    <record>
        <leader>01237cam a2200313 x 4500</leader>
        <controlfield tag="001">994016453804341</controlfield>
        <controlfield tag="005">20161025104332.0</controlfield>
        <controlfield tag="008">980121s1997    enk           0001j eng b</controlfield>
        <datafield tag="010" ind1=" " ind2=" ">
            <subfield code="a">b  97059464 </subfield>
        </datafield>
        <datafield tag="015" ind1=" " ind2=" ">
            <subfield code="a">b9759464</subfield>
        </datafield>
        <datafield tag="020" ind1="1" ind2="0">
            <subfield code="a">0006499597</subfield>
            <subfield code="c">x</subfield>
            <subfield code="c">v.1</subfield>
            <subfield code="c">£8.99</subfield>
        </datafield>
        <datafield tag="020" ind1="1" ind2="0">
            <subfield code="a">0006499600</subfield>
            <subfield code="c">x</subfield>
            <subfield code="c">v.2</subfield>
            <subfield code="c">£8.99</subfield>
        </datafield>
        <datafield tag="020" ind1="1" ind2="0">
            <subfield code="a">0006499619</subfield>
            <subfield code="c">x</subfield>
            <subfield code="c">v.3</subfield>
            <subfield code="c">£8.99</subfield>
        </datafield>
        <datafield tag="035" ind1=" " ind2=" ">
            <subfield code="9">2155-43560</subfield>
        </datafield>
        <datafield tag="035" ind1=" " ind2=" ">
            <subfield code="a">(StEdNL)401645-nlsdb-Voyager</subfield>
        </datafield>
        <datafield tag="035" ind1=" " ind2=" ">
            <subfield code="a">401645</subfield>
        </datafield>
        <datafield tag="040" ind1="0" ind2="0">
            <subfield code="a">OX/U-1</subfield>
        </datafield>
        <datafield tag="082" ind1="0" ind2="0">
            <subfield code="a">823.912</subfield>
            <subfield code="2">21</subfield>
            <subfield code="d">F</subfield>
        </datafield>
        <datafield tag="100" ind1="1" ind2=" ">
            <subfield code="a">Christie, Agatha,</subfield>
            <subfield code="d">1890-1976.</subfield>
        </datafield>
        <datafield tag="245" ind1="1" ind2="0">
            <subfield code="a">Miss Marple omnibus /</subfield>
            <subfield code="c">Agatha Christie.</subfield>
        </datafield>
        <datafield tag="260" ind1=" " ind2=" ">
            <subfield code="a">London :</subfield>
            <subfield code="b">HarperCollins,</subfield>
            <subfield code="c">1997.</subfield>
        </datafield>
        <datafield tag="300" ind1=" " ind2=" ">
            <subfield code="f">3</subfield>
            <subfield code="a">717,654,694p</subfield>
            <subfield code="c">20cm</subfield>
            <subfield code="e">pbk</subfield>
            <subfield code="n">v.</subfield>
        </datafield>
        <datafield tag="350" ind1="0" ind2="0">
            <subfield code="a">No price</subfield>
        </datafield>
        <datafield tag="505" ind1="0" ind2="0">
            <subfield code="a">v. 1.  The body in the library -- The moving finger -- A murder is announced -- 4.50 from Paddington. v. 2.  A Caribbean mystery -- A pocket full of Rye -- The mirror cracked from side to side -- They do it with mirrors. v. 3.  Nemesis -- Sleeping murder -- At Bertram's hotel -- The murder at the vicarage.</subfield>
        </datafield>
        <datafield tag="650" ind1=" " ind2="0">
            <subfield code="a">Detective and mystery stories, English.</subfield>
        </datafield>
        <datafield tag="650" ind1=" " ind2="0">
            <subfield code="a">Marple, Jane (Fictitious character)</subfield>
            <subfield code="x">Fiction.</subfield>
        </datafield>
        <datafield tag="650" ind1=" " ind2="0">
            <subfield code="a">Women detectives</subfield>
            <subfield code="z">England</subfield>
            <subfield code="x">Fiction.</subfield>
        </datafield>
        <datafield tag="955" ind1=" " ind2=" ">
            <subfield code="a">NPB1.98.404</subfield>
            <subfield code="b">NPB</subfield>
        </datafield>
        <datafield tag="956" ind1=" " ind2=" ">
            <subfield code="a">NLS</subfield>
        </datafield>
    </record>