-->
    <!--<record>
        <leader>00738cam a2200265 x 4500</leader>
        <controlfield tag="001">9912313443804341</controlfield>
        <controlfield tag="008">870218r19861985enkb    w     00011 eng  </controlfield>
        <datafield tag="015" ind1=" " ind2=" ">
            <subfield code="a">b8616532</subfield>
        </datafield>
        <datafield tag="016" ind1="0" ind2="0">
            <subfield code="a">100=NOTNAL</subfield>
        </datafield>
        <datafield tag="017" ind1="0" ind2="0">
            <subfield code="a">300</subfield>
        </datafield>
        <datafield tag="020" ind1=" " ind2=" ">
            <subfield code="a">0333426541</subfield>
        </datafield>
        <datafield tag="035" ind1=" " ind2=" ">
            <subfield code="9">0286-17060</subfield>
        </datafield>
        <datafield tag="035" ind1=" " ind2=" ">
            <subfield code="a">(StEdNL)1231344-nlsdb-Voyager</subfield>
        </datafield>
        <datafield tag="040" ind1=" " ind2=" ">
            <subfield code="a">StEdNL</subfield>
        </datafield>
        <datafield tag="050" ind1="0" ind2="0">
            <subfield code="a">PS3558.A675/</subfield>
        </datafield>
        <datafield tag="082" ind1="0" ind2="0">
            <subfield code="a">813/.54</subfield>
            <subfield code="d">F</subfield>
            <subfield code="2">19</subfield>
        </datafield>
        <datafield tag="100" ind1="1" ind2="0">
            <subfield code="a">Hart, Anne.</subfield>
        </datafield>
        <datafield tag="245" ind1="1" ind2="4">
            <subfield code="a">The life and times of Miss Jane Marple</subfield>
            <subfield code="c">by Anne Hart</subfield>
        </datafield>
        <datafield tag="260" ind1=" " ind2=" ">
            <subfield code="a">London</subfield>
            <subfield code="b">Macmillan</subfield>
            <subfield code="c">1986, c1985</subfield>
        </datafield>
        <datafield tag="300" ind1=" " ind2=" ">
            <subfield code="a">161p</subfield>
            <subfield code="i">1map</subfield>
            <subfield code="c">23cm</subfield>
        </datafield>
        <datafield tag="350" ind1="0" ind2="0">
            <subfield code="a">£8.95 : CIP rev.</subfield>
        </datafield>
        <datafield tag="500" ind1=" " ind2=" ">
            <subfield code="a">Originally published: New York : Dodd, Mead, 1985</subfield>
        </datafield>
        <datafield tag="504" ind1="0" ind2="0">
            <subfield code="a">Bibliography: p144-161</subfield>
        </datafield>
        <datafield tag="955" ind1="0" ind2="0">
            <subfield code="a">H3.86.3410</subfield>
            <subfield code="b">H3DOT86DOT</subfield>
        </datafield>
        <datafield tag="956" ind1=" " ind2=" ">
            <subfield code="a">NLS</subfield>
        </datafield>
    </record>