-->
    <!--<record>
        <leader>00630cam a2200205 x 4500</leader>
        <controlfield tag="001">9913177823804341</controlfield>
        <controlfield tag="008">841129r19781976enk     w     00011 eng  </controlfield>
        <datafield tag="015" ind1=" " ind2=" ">
            <subfield code="a">B7813784</subfield>
        </datafield>
        <datafield tag="020" ind1=" " ind2=" ">
            <subfield code="a">0708901093</subfield>
        </datafield>
        <datafield tag="035" ind1=" " ind2=" ">
            <subfield code="9">0373-70160</subfield>
        </datafield>
        <datafield tag="035" ind1=" " ind2=" ">
            <subfield code="a">(StEdNL)1317782-nlsdb-Voyager</subfield>
        </datafield>
        <datafield tag="040" ind1=" " ind2=" ">
            <subfield code="a">StEdNL</subfield>
        </datafield>
        <datafield tag="049" ind1="0" ind2="0">
            <subfield code="a">NL</subfield>
            <subfield code="b">800606</subfield>
            <subfield code="c">CC</subfield>
            <subfield code="d">870901</subfield>
            <subfield code="e">E</subfield>
            <subfield code="f">200</subfield>
            <subfield code="g">NL</subfield>
            <subfield code="h">*</subfield>
            <subfield code="z">NL EC</subfield>
        </datafield>
        <datafield tag="082" ind1="0" ind2="0">
            <subfield code="a">823/.9/1</subfield>
            <subfield code="d">F</subfield>
            <subfield code="2">18</subfield>
        </datafield>
        <datafield tag="100" ind1="1" ind2="0">
            <subfield code="a">Christie, Agatha,</subfield>
            <subfield code="d">1890-1976.</subfield>
        </datafield>
        <datafield tag="245" ind1="1" ind2="0">
            <subfield code="a">Sleeping murder :</subfield>
            <subfield code="b">Miss Marple's last case /</subfield>
            <subfield code="c">Agatha Christie.</subfield>
        </datafield>
        <datafield tag="260" ind1=" " ind2=" ">
            <subfield code="a">Leicester :</subfield>
            <subfield code="b">Ulverscroft,</subfield>
            <subfield code="c">1978.</subfield>
        </datafield>
        <datafield tag="500" ind1=" " ind2=" ">
            <subfield code="a">First published: London : Collins, 1976.</subfield>
        </datafield>
        <datafield tag="955" ind1=" " ind2=" ">
            <subfield code="a">N3.78.442</subfield>
            <subfield code="b">N3</subfield>
        </datafield>
        <datafield tag="956" ind1=" " ind2=" ">
            <subfield code="a">NLS</subfield>
        </datafield>
    </record>