-->
<!--    <record>
        <leader>00798cam a2200217 a 4500</leader>
        <controlfield tag="001">9914538723804341</controlfield>
        <controlfield tag="005">20180601120129.0</controlfield>
        <controlfield tag="008">940213s1983    enk           000 1 eng  </controlfield>
        <datafield tag="015" ind1=" " ind2=" ">
            <subfield code="a">b8408736</subfield>
        </datafield>
        <datafield tag="020" ind1=" " ind2=" ">
            <subfield code="a">0907486398</subfield>
        </datafield>
        <datafield tag="035" ind1=" " ind2=" ">
            <subfield code="9">0512-67760</subfield>
        </datafield>
        <datafield tag="035" ind1=" " ind2=" ">
            <subfield code="a">(StEdNL)1453872-nlsdb-Voyager</subfield>
        </datafield>
        <datafield tag="040" ind1=" " ind2=" ">
            <subfield code="a">StEdNL</subfield>
        </datafield>
        <datafield tag="049" ind1="0" ind2="0">
            <subfield code="a">BL</subfield>
            <subfield code="b">840222</subfield>
            <subfield code="c">BL</subfield>
            <subfield code="d">840222</subfield>
            <subfield code="e">BN</subfield>
            <subfield code="f">050</subfield>
            <subfield code="g">SC</subfield>
            <subfield code="i">NL</subfield>
            <subfield code="z">NL</subfield>
        </datafield>
        <datafield tag="082" ind1="0" ind2="0">
            <subfield code="a">823/.912</subfield>
        </datafield>
        <datafield tag="100" ind1="1" ind2=" ">
            <subfield code="a">Christie, Agatha,</subfield>
            <subfield code="d">1890-1976.</subfield>
        </datafield>
        <datafield tag="245" ind1="1" ind2="4">
            <subfield code="a">The murder at the vicarage ;</subfield>
            <subfield code="b">The mirror crack'd from side to side : a Miss Marple duo /</subfield>
            <subfield code="c">Agatha Christie.</subfield>
        </datafield>
        <datafield tag="260" ind1=" " ind2=" ">
            <subfield code="a">London :</subfield>
            <subfield code="b">Chancellor,</subfield>
            <subfield code="c">1983.</subfield>
        </datafield>
        <datafield tag="300" ind1=" " ind2=" ">
            <subfield code="a">380 p. ;</subfield>
            <subfield code="c">23 cm.</subfield>
        </datafield>
        <datafield tag="500" ind1=" " ind2=" ">
            <subfield code="a">The miorror crack'd from side to side originally published: London : Collins, 1962.</subfield>
        </datafield>
        <datafield tag="700" ind1="1" ind2="2">
            <subfield code="a">Christie, Agatha,</subfield>
            <subfield code="d">1890-1976.</subfield>
            <subfield code="t">Mirror crack'd from side to side.</subfield>
        </datafield>
    </record>