-->
    <record>
        <leader>00530 am a2200181K  4500</leader>
        <controlfield tag="001">9916722173804341</controlfield>
        <controlfield tag="008">891017 19871980enk           00    eng  </controlfield>
        <datafield tag="020" ind1=" " ind2=" ">
            <subfield code="a">0006167950</subfield>
        </datafield>
        <datafield tag="035" ind1=" " ind2=" ">
            <subfield code="9">0774-38760</subfield>
        </datafield>
        <datafield tag="035" ind1=" " ind2=" ">
            <subfield code="a">(StEdNL)1672217-nlsdb-Voyager</subfield>
        </datafield>
        <datafield tag="040" ind1=" " ind2=" ">
            <subfield code="a">StEdNL</subfield>
        </datafield>
        <datafield tag="100" ind1="1" ind2="0">
            <subfield code="a">Christie, Agatha,</subfield>
            <subfield code="d">1890-1976.</subfield>
        </datafield>
        <datafield tag="245" ind1="1" ind2="0">
            <subfield code="a">Miss Marple's final cases /</subfield>
            <subfield code="c">Agatha Christie.</subfield>
        </datafield>
        <datafield tag="260" ind1=" " ind2=" ">
            <subfield code="a">[London]:</subfield>
            <subfield code="b">Fontana,</subfield>
            <subfield code="c">1987, c1980.</subfield>
        </datafield>
        <datafield tag="300" ind1=" " ind2=" ">
            <subfield code="a">160 p. ;</subfield>
            <subfield code="c">18 cm.</subfield>
        </datafield>
        <datafield tag="503" ind1=" " ind2=" ">
            <subfield code="a">This ed. originally published : 1980.</subfield>
        </datafield>
        <datafield tag="955" ind1=" " ind2=" ">
            <subfield code="a">NPB1.87.1432</subfield>
            <subfield code="b">NPB</subfield>
        </datafield>
        <datafield tag="956" ind1=" " ind2=" ">
            <subfield code="a">NLS</subfield>
        </datafield>
    </record>