
<!--    <record>
        <leader>00765pam a2200265 x 4500</leader>
        <controlfield tag="001">9918105273804341</controlfield>
        <controlfield tag="005">20171124152648.0</controlfield>
        <controlfield tag="008">910528r19911985enka          00010 eng b</controlfield>
        <datafield tag="015" ind1=" " ind2=" ">
            <subfield code="a">b9106287</subfield>
        </datafield>
        <datafield tag="020" ind1=" " ind2=" ">
            <subfield code="a">0747409048</subfield>
        </datafield>
        <datafield tag="020" ind1="1" ind2="0">
            <subfield code="a">0747409048</subfield>
            <subfield code="c">m</subfield>
        </datafield>
        <datafield tag="035" ind1=" " ind2=" ">
            <subfield code="9">0926-34260</subfield>
        </datafield>
        <datafield tag="035" ind1=" " ind2=" ">
            <subfield code="a">(StEdNL)1810527-nlsdb-Voyager</subfield>
        </datafield>
        <datafield tag="040" ind1=" " ind2=" ">
            <subfield code="a">StEdNL</subfield>
        </datafield>
        <datafield tag="082" ind1="0" ind2="0">
            <subfield code="a">823.912</subfield>
            <subfield code="2">20</subfield>
        </datafield>
        <datafield tag="100" ind1="1" ind2="0">
            <subfield code="a">Hart, Anne.</subfield>
        </datafield>
        <datafield tag="245" ind1="1" ind2="4">
            <subfield code="a">The life and times of Miss Jane Marple /</subfield>
            <subfield code="c">by Anne Hart.</subfield>
        </datafield>
        <datafield tag="260" ind1=" " ind2=" ">
            <subfield code="a">London :</subfield>
            <subfield code="b">Sphere,</subfield>
            <subfield code="c">1990,c1985.</subfield>
        </datafield>
        <datafield tag="300" ind1=" " ind2=" ">
            <subfield code="a">x,176p</subfield>
            <subfield code="b">ill</subfield>
            <subfield code="c">18cm</subfield>
            <subfield code="e">pbk</subfield>
        </datafield>
        <datafield tag="350" ind1="0" ind2="0">
            <subfield code="a">£3.50  : CIP rev.</subfield>
        </datafield>
        <datafield tag="500" ind1=" " ind2=" ">
            <subfield code="a">Originally published: New York : Dodd, Mead, 1985</subfield>
        </datafield>
        <datafield tag="504" ind1="0" ind2="0">
            <subfield code="a">Bibliography: p162</subfield>
        </datafield>
        <datafield tag="600" ind1="1" ind2="0">
            <subfield code="a">Christie, Agatha,</subfield>
            <subfield code="d">1890-1976.</subfield>
        </datafield>
        <datafield tag="955" ind1=" " ind2=" ">
            <subfield code="a">NPB1.91.1204</subfield>
            <subfield code="b">NPB</subfield>
        </datafield>
        <datafield tag="956" ind1=" " ind2=" ">
            <subfield code="a">NLS</subfield>
        </datafield>
    </record>