-->
<!--    <record>
        <leader>00753nam a22002658x 4500</leader>
        <controlfield tag="001">9918283763804341</controlfield>
        <controlfield tag="008">910827s1991    enk     w     00110 eng b</controlfield>
        <datafield tag="015" ind1=" " ind2=" ">
            <subfield code="a">b9102491</subfield>
        </datafield>
        <datafield tag="016" ind1="0" ind2="0">
            <subfield code="a">700=NOTNAL</subfield>
        </datafield>
        <datafield tag="020" ind1=" " ind2=" ">
            <subfield code="a">0415017947</subfield>
        </datafield>
        <datafield tag="035" ind1=" " ind2=" ">
            <subfield code="9">0945-82960</subfield>
        </datafield>
        <datafield tag="035" ind1=" " ind2=" ">
            <subfield code="a">(StEdNL)1828376-nlsdb-Voyager</subfield>
        </datafield>
        <datafield tag="040" ind1=" " ind2=" ">
            <subfield code="a">StEdNL</subfield>
        </datafield>
        <datafield tag="082" ind1="0" ind2="0">
            <subfield code="a">823.912</subfield>
            <subfield code="2">20</subfield>
        </datafield>
        <datafield tag="100" ind1="1" ind2="0">
            <subfield code="a">Shaw, Marion.</subfield>
        </datafield>
        <datafield tag="245" ind1="1" ind2="0">
            <subfield code="a">Reflecting on Miss Marple /</subfield>
            <subfield code="c">Marion Shaw and Sabine Vanacker.</subfield>
        </datafield>
        <datafield tag="260" ind1=" " ind2=" ">
            <subfield code="a">London :</subfield>
            <subfield code="b">Routledge,</subfield>
            <subfield code="c">1991.</subfield>
        </datafield>
        <datafield tag="300" ind1=" " ind2=" ">
            <subfield code="a">[128]p</subfield>
            <subfield code="c">20cm</subfield>
            <subfield code="e">pbk</subfield>
        </datafield>
        <datafield tag="350" ind1="0" ind2="0">
            <subfield code="a">£6.99 : CIP entry (May)</subfield>
        </datafield>
        <datafield tag="440" ind1="0" ind2="0">
            <subfield code="a">Heroines?</subfield>
        </datafield>
        <datafield tag="504" ind1="0" ind2="0">
            <subfield code="a">Includes bibliography and index</subfield>
        </datafield>
        <datafield tag="600" ind1="1" ind2="0">
            <subfield code="a">Christie, Agatha,</subfield>
            <subfield code="d">1890-1976.</subfield>
        </datafield>
        <datafield tag="700" ind1="1" ind2="0">
            <subfield code="a">Vanacker, Sabine.</subfield>
        </datafield>
        <datafield tag="955" ind1=" " ind2=" ">
            <subfield code="a">HP1.91.2785</subfield>
            <subfield code="b">HP1DOT91DOT</subfield>
        </datafield>
        <datafield tag="956" ind1=" " ind2=" ">
            <subfield code="a">NLS</subfield>
        </datafield>
    </record>