-->
    <record>
        <leader>00727 am a2200265 x 4500</leader>
        <controlfield tag="001">9922486343804341</controlfield>
        <controlfield tag="005">20190819154458.0</controlfield>
        <controlfield tag="008">761015s1976    enk     w     00011 eng b</controlfield>
        <datafield tag="015" ind1=" " ind2=" ">
            <subfield code="a">B7630406</subfield>
        </datafield>
        <datafield tag="020" ind1=" " ind2=" ">
            <subfield code="a">0002317850</subfield>
        </datafield>
        <datafield tag="035" ind1=" " ind2=" ">
            <subfield code="9">1482-31860</subfield>
        </datafield>
        <datafield tag="035" ind1=" " ind2=" ">
            <subfield code="a">(StEdNL)2248634-nlsdb-Voyager</subfield>
        </datafield>
        <datafield tag="040" ind1=" " ind2=" ">
            <subfield code="a">StEdNL</subfield>
        </datafield>
        <datafield tag="082" ind1="0" ind2="0">
            <subfield code="a">823/.9/1</subfield>
            <subfield code="2">18</subfield>
            <subfield code="d">F</subfield>
        </datafield>
        <datafield tag="087" ind1="0" ind2="0">
            <subfield code="a">Nov.32811</subfield>
            <subfield code="b">Woolwich</subfield>
        </datafield>
        <datafield tag="100" ind1="1" ind2="0">
            <subfield code="a">Christie, Agatha,</subfield>
            <subfield code="d">1890-1976.</subfield>
        </datafield>
        <datafield tag="245" ind1="1" ind2="0">
            <subfield code="a">Sleeping murder</subfield>
            <subfield code="b">Miss Marple's last case</subfield>
            <subfield code="c">Agatha Christie</subfield>
        </datafield>
        <datafield tag="260" ind1=" " ind2=" ">
            <subfield code="a">London</subfield>
            <subfield code="b">Collins [for] the Crime Club</subfield>
            <subfield code="c">1976</subfield>
        </datafield>
        <datafield tag="300" ind1=" " ind2=" ">
            <subfield code="a">224p</subfield>
            <subfield code="c">22cm</subfield>
        </datafield>
        <datafield tag="350" ind1="0" ind2="0">
            <subfield code="a">£3.50</subfield>
        </datafield>
        <datafield tag="650" ind1=" " ind2="0">
            <subfield code="a">English fiction.</subfield>
        </datafield>
        <datafield tag="710" ind1="2" ind2="2">
            <subfield code="a">Crime Club</subfield>
            <subfield code="t">Publications</subfield>
        </datafield>
        <datafield tag="955" ind1="0" ind2="0">
            <subfield code="a">N2.77.419</subfield>
            <subfield code="b">N2</subfield>
        </datafield>
        <datafield tag="956" ind1=" " ind2=" ">
            <subfield code="a">NLS</subfield>
        </datafield>
        <datafield tag="991" ind1="0" ind2="0">
            <subfield code="g">NWDS</subfield>
        </datafield>
    </record>