
    <record>
        <leader>00815cam a22002415x 4500</leader>
        <controlfield tag="001">9923429913804341</controlfield>
        <controlfield tag="005">20171122143001.0</controlfield>
        <controlfield tag="008">950828s1995    enk           00011 eng b</controlfield>
        <datafield tag="015" ind1=" " ind2=" ">
            <subfield code="a">b9543786</subfield>
        </datafield>
        <datafield tag="020" ind1=" " ind2=" ">
            <subfield code="a">0583319998</subfield>
        </datafield>
        <datafield tag="035" ind1=" " ind2=" ">
            <subfield code="9">1586-90060</subfield>
        </datafield>
        <datafield tag="035" ind1=" " ind2=" ">
            <subfield code="a">(StEdNL)2342991-nlsdb-Voyager</subfield>
        </datafield>
        <datafield tag="040" ind1="0" ind2="0">
            <subfield code="a">OX/U-1</subfield>
        </datafield>
        <datafield tag="091" ind1="0" ind2="0">
            <subfield code="a">O502423598</subfield>
        </datafield>
        <datafield tag="100" ind1="1" ind2="0">
            <subfield code="a">Christie, Agatha,</subfield>
            <subfield code="d">1890-1976.</subfield>
        </datafield>
        <datafield tag="245" ind1="1" ind2="0">
            <subfield code="a">Miss Marple short stories /</subfield>
            <subfield code="c">Agatha Christie.</subfield>
        </datafield>
        <datafield tag="260" ind1=" " ind2=" ">
            <subfield code="a">London :</subfield>
            <subfield code="b">Produced for Link House Magazines by arrangement with HarperCollins,</subfield>
            <subfield code="c">1995.</subfield>
        </datafield>
        <datafield tag="300" ind1=" " ind2=" ">
            <subfield code="a">94 p. ;</subfield>
            <subfield code="c">18 cm.</subfield>
        </datafield>
        <datafield tag="500" ind1=" " ind2=" ">
            <subfield code="a">Stories selected from: Miss Marple's final cases. London : Collins, 1979.</subfield>
        </datafield>
        <datafield tag="700" ind1="1" ind2="1">
            <subfield code="a">Christie, Agatha,</subfield>
            <subfield code="d">1890-1976.</subfield>
            <subfield code="t">Miss Marple's final cases.</subfield>
        </datafield>
        <datafield tag="740" ind1="0" ind2="1">
            <subfield code="a">Miss Marple's final cases.</subfield>
        </datafield>
        <datafield tag="955" ind1=" " ind2=" ">
            <subfield code="a">NPB1.95.2401</subfield>
            <subfield code="b">NPB</subfield>
        </datafield>
        <datafield tag="956" ind1=" " ind2=" ">
            <subfield code="a">NLS</subfield>
        </datafield>
    </record>