
    <record>
        <leader>00672nam a22002175  4500</leader>
        <controlfield tag="001">9925474763804341</controlfield>
        <controlfield tag="005">20190819163708.0</controlfield>
        <controlfield tag="008">960326s1965    enk           000   eng d</controlfield>
        <datafield tag="035" ind1=" " ind2=" ">
            <subfield code="9">1802-46060</subfield>
        </datafield>
        <datafield tag="035" ind1=" " ind2=" ">
            <subfield code="a">(StEdNL)2547476-nlsdb-Voyager</subfield>
        </datafield>
        <datafield tag="035" ind1=" " ind2=" ">
            <subfield code="a">CAT1-0110546</subfield>
        </datafield>
        <datafield tag="040" ind1=" " ind2=" ">
            <subfield code="a">StEdNL</subfield>
        </datafield>
        <datafield tag="100" ind1="1" ind2=" ">
            <subfield code="a">Mallowan, Agatha Christie,</subfield>
            <subfield code="d">1890-1976.</subfield>
        </datafield>
        <datafield tag="245" ind1="1" ind2="0">
            <subfield code="a">At Bertram's hotel. Featuring Miss Marple, the original character as created by Agatha Christie.</subfield>
        </datafield>
        <datafield tag="260" ind1=" " ind2=" ">
            <subfield code="a">London, </subfield>
            <subfield code="c">[1965]</subfield>
        </datafield>
        <datafield tag="300" ind1=" " ind2=" ">
            <subfield code="a">255 p. ; </subfield>
            <subfield code="c">8vo.</subfield>
        </datafield>
        <datafield tag="440" ind1=" " ind2="0">
            <subfield code="a">Crime club</subfield>
        </datafield>
        <datafield tag="955" ind1=" " ind2=" ">
            <subfield code="a">NF.649.f.28</subfield>
            <subfield code="b">NF</subfield>
        </datafield>
        <datafield tag="956" ind1=" " ind2=" ">
            <subfield code="a">NLS</subfield>
        </datafield>
        <datafield tag="991" ind1=" " ind2=" ">
            <subfield code="g">C1SAZ</subfield>
        </datafield>
        <datafield tag="995" ind1=" " ind2=" ">
            <subfield code="a">NSCO</subfield>
            <subfield code="b">THIS IS A TEMPORARY CATALOGUE 1 RETROCONVERTED RECORD</subfield>
        </datafield>
    </record>