
<!--    <record>
        <leader>00575nam a2200205Ka 4500</leader>
        <controlfield tag="001">9926814993804341</controlfield>
        <controlfield tag="005">20190819171930.0</controlfield>
        <controlfield tag="008">950316s1968    enk           000   eng d</controlfield>
        <datafield tag="035" ind1=" " ind2=" ">
            <subfield code="9">1939-23860</subfield>
        </datafield>
        <datafield tag="035" ind1=" " ind2=" ">
            <subfield code="a">(StEdNL)2681499-nlsdb-Voyager</subfield>
        </datafield>
        <datafield tag="040" ind1=" " ind2=" ">
            <subfield code="a">StEdNL</subfield>
        </datafield>
        <datafield tag="100" ind1="1" ind2=" ">
            <subfield code="a">Christie, Agatha,</subfield>
            <subfield code="d">1890-1976.</subfield>
        </datafield>
        <datafield tag="245" ind1="1" ind2="0">
            <subfield code="a">At Bertram's Hotel :</subfield>
            <subfield code="b">featuring Miss Marple the original character.</subfield>
        </datafield>
        <datafield tag="250" ind1=" " ind2=" ">
            <subfield code="a">3rd impression.</subfield>
        </datafield>
        <datafield tag="260" ind1=" " ind2=" ">
            <subfield code="a">London : </subfield>
            <subfield code="b">Collins, </subfield>
            <subfield code="c">1968.</subfield>
        </datafield>
        <datafield tag="300" ind1=" " ind2=" ">
            <subfield code="a">192 p. ; </subfield>
            <subfield code="c">18 cm.</subfield>
        </datafield>
        <datafield tag="440" ind1=" " ind2="0">
            <subfield code="a">Fontana books</subfield>
        </datafield>
        <datafield tag="955" ind1=" " ind2=" ">
            <subfield code="a">5.3679</subfield>
            <subfield code="b">5DOT</subfield>
        </datafield>
        <datafield tag="956" ind1=" " ind2=" ">
            <subfield code="a">NLS</subfield>
        </datafield>
        <datafield tag="991" ind1=" " ind2=" ">
            <subfield code="g">SAZTEC</subfield>
        </datafield>
    </record>