
    <record>
        <leader>00455cam a22001575a 4500</leader>
        <controlfield tag="001">9938261343804341</controlfield>
        <controlfield tag="005">20161028134252.0</controlfield>
        <controlfield tag="008">060410s2006    enk|||||||||||||| 1|eng||</controlfield>
        <datafield tag="020" ind1=" " ind2=" ">
            <subfield code="a">000720857X</subfield>
        </datafield>
        <datafield tag="035" ind1=" " ind2=" ">
            <subfield code="a">(StEdNL)3826134-nlsdb-Voyager</subfield>
        </datafield>
        <datafield tag="035" ind1=" " ind2=" ">
            <subfield code="a">3826134</subfield>
        </datafield>
        <datafield tag="040" ind1=" " ind2=" ">
            <subfield code="a">StEdNL</subfield>
        </datafield>
        <datafield tag="100" ind1="1" ind2=" ">
            <subfield code="a">Christie, Agatha,</subfield>
            <subfield code="d">1890-1976</subfield>
        </datafield>
        <datafield tag="245" ind1="1" ind2="2">
            <subfield code="a">A Caribbean mystery :</subfield>
            <subfield code="b">featuring Miss Marple /</subfield>
            <subfield code="c">Agatha Christie.</subfield>
        </datafield>
        <datafield tag="250" ind1=" " ind2=" ">
            <subfield code="a">Facsimile ed.</subfield>
        </datafield>
        <datafield tag="260" ind1=" " ind2=" ">
            <subfield code="a">London :</subfield>
            <subfield code="b">Collins,</subfield>
            <subfield code="c">2006.</subfield>
        </datafield>
    </record>