
    <record>
        <leader>00703nam a2200205   4500</leader>
        <controlfield tag="001">9938947773804341</controlfield>
        <controlfield tag="005">20061212142653.0</controlfield>
        <controlfield tag="008">061003s2006    enk       bi  000 0 eng c</controlfield>
        <datafield tag="035" ind1=" " ind2=" ">
            <subfield code="a">(StEdNL)3894777-nlsdb-Voyager</subfield>
        </datafield>
        <datafield tag="035" ind1=" " ind2=" ">
            <subfield code="a">(UkLCURL)07UkOxUb16112623</subfield>
        </datafield>
        <datafield tag="035" ind1=" " ind2=" ">
            <subfield code="a">(UkOxU)UkOxUb16112623</subfield>
        </datafield>
        <datafield tag="040" ind1=" " ind2=" ">
            <subfield code="a">StEdNL</subfield>
        </datafield>
        <datafield tag="049" ind1=" " ind2=" ">
            <subfield code="j">CU</subfield>
            <subfield code="k">07UkOxUb16112623</subfield>
            <subfield code="l">c</subfield>
        </datafield>
        <datafield tag="100" ind1="1" ind2=" ">
            <subfield code="a">Cresswell, James.</subfield>
        </datafield>
        <datafield tag="245" ind1="1" ind2="0">
            <subfield code="a">Miss Marple and all her characters /</subfield>
            <subfield code="c">James Cresswell.</subfield>
        </datafield>
        <datafield tag="260" ind1=" " ind2=" ">
            <subfield code="a">[England?] :</subfield>
            <subfield code="b">J. Cresswell,</subfield>
            <subfield code="c">2006.</subfield>
        </datafield>
        <datafield tag="300" ind1=" " ind2=" ">
            <subfield code="a">viii, 168 p. ;</subfield>
            <subfield code="c">25 cm.</subfield>
        </datafield>
        <datafield tag="600" ind1="1" ind2="0">
            <subfield code="a">Christie, Agatha,</subfield>
            <subfield code="d">1890-1976</subfield>
            <subfield code="x">Characters</subfield>
            <subfield code="v">Indexes.</subfield>
        </datafield>
        <datafield tag="650" ind1=" " ind2="0">
            <subfield code="a">Fictitious characters</subfield>
            <subfield code="v">Indexes.</subfield>
        </datafield>
        <datafield tag="650" ind1=" " ind2="0">
            <subfield code="a">Marple, Jane (Fictitious character)</subfield>
            <subfield code="v">Bibliography.</subfield>
        </datafield>
    </record>