
    <record>
        <leader>00856cam a2200265 i 4500</leader>
        <controlfield tag="001">9999780333804341</controlfield>
        <controlfield tag="005">20190711124720.0</controlfield>
        <controlfield tag="008">171115s2017    stk      b    001 0 eng c</controlfield>
        <datafield tag="020" ind1=" " ind2=" ">
            <subfield code="a">9780992650735 (paperback)</subfield>
        </datafield>
        <datafield tag="035" ind1=" " ind2=" ">
            <subfield code="a">(StEdNL)9978033-nlsdb-Voyager</subfield>
        </datafield>
        <datafield tag="035" ind1=" " ind2=" ">
            <subfield code="a">9978033</subfield>
        </datafield>
        <datafield tag="040" ind1=" " ind2=" ">
            <subfield code="a">StEdNL</subfield>
            <subfield code="b">eng</subfield>
            <subfield code="e">rda</subfield>
            <subfield code="c">StEdNL</subfield>
        </datafield>
        <datafield tag="042" ind1=" " ind2=" ">
            <subfield code="a">ukscp</subfield>
        </datafield>
        <datafield tag="100" ind1="1" ind2=" ">
            <subfield code="a">Keating, P. J.</subfield>
            <subfield code="e">author.</subfield>
        </datafield>
        <datafield tag="245" ind1="1" ind2="0">
            <subfield code="a">Agatha Christie and shrewd Miss Marple /</subfield>
            <subfield code="c">Peter Keating.</subfield>
        </datafield>
        <datafield tag="264" ind1=" " ind2="1">
            <subfield code="a">Edinburgh :</subfield>
            <subfield code="b">Priskus Books,</subfield>
            <subfield code="c">[2017]</subfield>
        </datafield>
        <datafield tag="300" ind1=" " ind2=" ">
            <subfield code="a">xvi, 250 pages ;</subfield>
            <subfield code="c">24 cm</subfield>
        </datafield>
        <datafield tag="336" ind1=" " ind2=" ">
            <subfield code="a">text</subfield>
            <subfield code="2">rdacontent</subfield>
        </datafield>
        <datafield tag="337" ind1=" " ind2=" ">
            <subfield code="a">unmediated</subfield>
            <subfield code="2">rdamedia</subfield>
        </datafield>
        <datafield tag="338" ind1=" " ind2=" ">
            <subfield code="a">volume</subfield>
            <subfield code="2">rdacarrier</subfield>
        </datafield>
        <datafield tag="504" ind1=" " ind2=" ">
            <subfield code="a">Includes bibliographic references (pages 235-242) and index.</subfield>
        </datafield>
        <datafield tag="600" ind1="1" ind2="0">
            <subfield code="a">Christie, Agatha,</subfield>
            <subfield code="d">1890-1976</subfield>
            <subfield code="x">Characters</subfield>
            <subfield code="x">Jane Marple.</subfield>
        </datafield>
        <datafield tag="600" ind1="1" ind2="0">
            <subfield code="a">Christie, Agatha,</subfield>
            <subfield code="d">1890-1976.</subfield>
        </datafield>
        <datafield tag="919" ind1=" " ind2=" ">
            <subfield code="a">NBS</subfield>
        </datafield>
        <datafield tag="919" ind1=" " ind2=" ">
            <subfield code="a">SCP</subfield>
        </datafield>
    </record>