
    <record>
        <leader>00764ncm a22002297  4500</leader>
        <controlfield tag="001">99116004275204341</controlfield>
        <controlfield tag="005">20210524105349.0</controlfield>
        <controlfield tag="008">201001nuuuuuuuuxx |||||||||||||| |    |d</controlfield>
        <datafield tag="035" ind1=" " ind2=" ">
            <subfield code="a">(StEdNL)12-5-4-00047-735602-MUSRETRO</subfield>
        </datafield>
        <datafield tag="040" ind1=" " ind2=" ">
            <subfield code="a">StEdNL</subfield>
            <subfield code="b">eng</subfield>
            <subfield code="e">rda</subfield>
        </datafield>
        <datafield tag="130" ind1="1" ind2=" ">
            <subfield code="a">H (1981-1985)</subfield>
        </datafield>
        <datafield tag="245" ind1="1" ind2="0">
            <subfield code="a">Miss Marple. Theme from the BBC TV's series.</subfield>
        </datafield>
        <datafield tag="336" ind1=" " ind2=" ">
            <subfield code="a">notated music</subfield>
            <subfield code="2">rdacontent</subfield>
        </datafield>
        <datafield tag="337" ind1=" " ind2=" ">
            <subfield code="a">unmediated</subfield>
            <subfield code="2">rdamedia</subfield>
        </datafield>
        <datafield tag="338" ind1=" " ind2=" ">
            <subfield code="a">volume</subfield>
            <subfield code="2">rdacarrier</subfield>
        </datafield>
        <datafield tag="700" ind1="1" ind2=" ">
            <subfield code="a">Howard, Ken</subfield>
        </datafield>
        <datafield tag="700" ind1="1" ind2=" ">
            <subfield code="a">Marple, Miss</subfield>
        </datafield>
        <datafield tag="852" ind1="8" ind2=" ">
            <subfield code="b">SCRR</subfield>
            <subfield code="h">Music.1981-1985.F(H)</subfield>
        </datafield>
        <datafield tag="909" ind1=" " ind2=" ">
            <subfield code="a">(MUSRETRO image source) Uncatalogued Guardbooks</subfield>
        </datafield>
        <datafield tag="909" ind1=" " ind2=" ">
            <subfield code="a">(MUSRETRO TranscribeID) 12-5-4-00047-735602</subfield>
        </datafield>
        <datafield tag="919" ind1=" " ind2=" ">
            <subfield code="a">MUSRETRO</subfield>
        </datafield>
        <datafield tag="990" ind1=" " ind2=" ">
            <subfield code="a">This catalogue record is generated as a result of automated processes</subfield>
        </datafield>
    </record>