
    <record>
        <leader>01618ncm a22003973u 4500</leader>
        <controlfield tag="001">99116516928804341</controlfield>
        <controlfield tag="005">20230223165457.0</controlfield>
        <controlfield tag="006">m    ||  z |      </controlfield>
        <controlfield tag="007">cr |||||||||||</controlfield>
        <controlfield tag="008">181214t20181984enk|||| o||||||n  |      </controlfield>
        <datafield tag="028" ind1="3" ind2="2">
            <subfield code="a">24903</subfield>
            <subfield code="b">Faber Music</subfield>
            <subfield code="q">(Song ID)</subfield>
        </datafield>
        <datafield tag="028" ind1="3" ind2="2">
            <subfield code="a">27236</subfield>
            <subfield code="b">Faber Music</subfield>
            <subfield code="q">(Engraving ID)</subfield>
        </datafield>
        <datafield tag="035" ind1=" " ind2=" ">
            <subfield code="a">(Uk)019180185</subfield>
        </datafield>
        <datafield tag="035" ind1=" " ind2=" ">
            <subfield code="a">oai:ldls.org.uk:019180185</subfield>
        </datafield>
        <datafield tag="040" ind1=" " ind2=" ">
            <subfield code="a">Uk</subfield>
            <subfield code="b">eng</subfield>
            <subfield code="c">Uk</subfield>
            <subfield code="d">StEdNL</subfield>
        </datafield>
        <datafield tag="245" ind1="0" ind2="0">
            <subfield code="a">Miss Marple Theme /</subfield>
            <subfield code="c">[Blaikley, Alan ; Howard, Ken].</subfield>
        </datafield>
        <datafield tag="250" ind1=" " ind2=" ">
            <subfield code="a">Piano Solo.</subfield>
        </datafield>
        <datafield tag="264" ind1=" " ind2="1">
            <subfield code="a">[London] :</subfield>
            <subfield code="b">[Faber Music],</subfield>
            <subfield code="c">[2018?]</subfield>
        </datafield>
        <datafield tag="264" ind1=" " ind2="4">
            <subfield code="c">©1984</subfield>
        </datafield>
        <datafield tag="300" ind1=" " ind2=" ">
            <subfield code="a">1 online resource (1 score (3 pages))</subfield>
        </datafield>
        <datafield tag="336" ind1=" " ind2=" ">
            <subfield code="a">notated music</subfield>
            <subfield code="2">rdacontent</subfield>
        </datafield>
        <datafield tag="337" ind1=" " ind2=" ">
            <subfield code="a">computer</subfield>
            <subfield code="2">rdamedia</subfield>
        </datafield>
        <datafield tag="338" ind1=" " ind2=" ">
            <subfield code="a">online resource</subfield>
            <subfield code="2">rdacarrier</subfield>
        </datafield>
        <datafield tag="382" ind1="0" ind2="1">
            <subfield code="a">Guitar</subfield>
            <subfield code="a">Piano</subfield>
        </datafield>
        <datafield tag="384" ind1=" " ind2=" ">
            <subfield code="a">C</subfield>
        </datafield>
        <datafield tag="540" ind1=" " ind2=" ">
            <subfield code="a">Restricted: Printing from this resource is governed by The Legal Deposit Libraries (Non-Print Works) Regulations (UK) and UK copyright law currently in force.</subfield>
            <subfield code="5">Uk</subfield>
        </datafield>
        <datafield tag="588" ind1=" " ind2=" ">
            <subfield code="a">Description based on publisher metadata.</subfield>
        </datafield>
        <datafield tag="655" ind1=" " ind2="7">
            <subfield code="a">Instrumental music.</subfield>
            <subfield code="2">fast</subfield>
            <subfield code="0">(OCoLC)fst01726652</subfield>
        </datafield>
        <datafield tag="655" ind1=" " ind2="7">
            <subfield code="a">Notated music.</subfield>
            <subfield code="2">fast</subfield>
            <subfield code="0">(OCoLC)fst01920428</subfield>
        </datafield>
        <datafield tag="655" ind1=" " ind2="7">
            <subfield code="a">Television music.</subfield>
            <subfield code="2">fast</subfield>
            <subfield code="0">(OCoLC)fst01726760</subfield>
        </datafield>
        <datafield tag="720" ind1=" " ind2=" ">
            <subfield code="a">Blaikley, Alan</subfield>
        </datafield>
        <datafield tag="720" ind1=" " ind2=" ">
            <subfield code="a">Howard, Ken</subfield>
        </datafield>
        <datafield tag="856" ind1="4" ind2="0">
            <subfield code="0">ark:/81055/vdc_100073333933.0x000001</subfield>
            <subfield code="a">ark:/81055/vdc_100073333895.0x000001</subfield>
            <subfield code="u">https://nls.ldls.org.uk/welcome.html?ark:/81055/vdc_100073333895.0x000001</subfield>
            <subfield code="z">View item</subfield>
            <subfield code="3">(Electronic Legal Deposit)</subfield>
        </datafield>
        <datafield tag="884" ind1=" " ind2=" ">
            <subfield code="a">Faber Digital Score XML to MARC</subfield>
            <subfield code="g">13/12/2018 01:21:55</subfield>
            <subfield code="k">24903_27236</subfield>
            <subfield code="q">Uk</subfield>
        </datafield>
        <datafield tag="887" ind1=" " ind2=" ">
            <subfield code="a">Original</subfield>
            <subfield code="2">local</subfield>
        </datafield>
        <datafield tag="919" ind1=" " ind2=" ">
            <subfield code="a">ELDEBOOK</subfield>
        </datafield>
    </record>