
    <record>
        <leader>02629nam a22003735i 4500</leader>
        <controlfield tag="001">99116548841304341</controlfield>
        <controlfield tag="005">20220620020601.0</controlfield>
        <controlfield tag="006">m    ||  d |      </controlfield>
        <controlfield tag="007">cr |||||||||||</controlfield>
        <controlfield tag="008">220617s2022    xxk||||go    |||| ||eng  </controlfield>
        <datafield tag="020" ind1=" " ind2=" ">
            <subfield code="a">9781800854451</subfield>
            <subfield code="q">(Electronic book (PDF format))</subfield>
        </datafield>
        <datafield tag="020" ind1=" " ind2=" ">
            <subfield code="z">9781800854642</subfield>
            <subfield code="q">(print)</subfield>
        </datafield>
        <datafield tag="035" ind1=" " ind2=" ">
            <subfield code="a">(Uk)020650677</subfield>
        </datafield>
        <datafield tag="035" ind1=" " ind2=" ">
            <subfield code="a">oai:ldls.org.uk:020650677</subfield>
        </datafield>
        <datafield tag="037" ind1=" " ind2=" ">
            <subfield code="a">9781800854451</subfield>
            <subfield code="b">Liverpool University Press</subfield>
        </datafield>
        <datafield tag="040" ind1=" " ind2=" ">
            <subfield code="a">Uk</subfield>
            <subfield code="b">eng</subfield>
            <subfield code="c">Uk</subfield>
            <subfield code="d">StEdNL</subfield>
        </datafield>
        <datafield tag="100" ind1="1" ind2=" ">
            <subfield code="a">Prideaux, Desirée,</subfield>
            <subfield code="e">author.</subfield>
        </datafield>
        <datafield tag="245" ind1="1" ind2="0">
            <subfield code="a">Sleuthing Miss Marple :</subfield>
            <subfield code="b">Gender, Genre, and Agency in Agatha Christie's Crime Fiction /</subfield>
            <subfield code="c">Desirée Prideaux.</subfield>
        </datafield>
        <datafield tag="264" ind1=" " ind2="1">
            <subfield code="a">Liverpool :</subfield>
            <subfield code="b">Liverpool University Press,</subfield>
            <subfield code="c">2022.</subfield>
        </datafield>
        <datafield tag="300" ind1=" " ind2=" ">
            <subfield code="a">1 online resource.</subfield>
        </datafield>
        <datafield tag="336" ind1=" " ind2=" ">
            <subfield code="a">text</subfield>
            <subfield code="2">rdacontent</subfield>
        </datafield>
        <datafield tag="337" ind1=" " ind2=" ">
            <subfield code="a">computer</subfield>
            <subfield code="2">rdamedia</subfield>
        </datafield>
        <datafield tag="338" ind1=" " ind2=" ">
            <subfield code="a">online resource</subfield>
            <subfield code="2">rdacarrier</subfield>
        </datafield>
        <datafield tag="490" ind1="0" ind2=" ">
            <subfield code="a">Liverpool English Texts and Studies ;</subfield>
            <subfield code="v">93</subfield>
        </datafield>
        <datafield tag="505" ind1="0" ind2=" ">
            <subfield code="a">Introduction1. The Scene of the Crime: Social and Cultural Background, Gender Politics, and Christie in Context 2. Establishing Means: The Clue-Puzzle, Genre 'Rules', and Christie's Modus Operandi 3. Solving The Thirteen Problems: A Fresh Analysis of the Inceptive Miss Marple Mysteries 4. 'I've no doubt I am quite wrong': Spinsterly Camouflage and Deceptive Reassurance in the Marple Novels 5. Marple and Agency: The Female Detective, the Feminine Heroic, and Appropriating the Gaze 6. Heroic Women: The Ironic Femme Fatale, Comic Vindication of the 'Dotty' Old Lady, and Marple's Female Assistants 7. Breathless Men: The Comic Male Characters of the Marple Mysteries 8. Christie's 'Rational Women' and Common-Sense Dispersal of the Gothic 9. 'Breathless Men': Gothic Limitations on Masculine Agency Dénouement.</subfield>
        </datafield>
        <datafield tag="540" ind1=" " ind2=" ">
            <subfield code="a">Restricted: Printing from this resource is governed by The Legal Deposit Libraries (Non-Print Works) Regulations (UK) and UK copyright law currently in force.</subfield>
            <subfield code="5">Uk</subfield>
        </datafield>
        <datafield tag="650" ind1=" " ind2="7">
            <subfield code="a">History</subfield>
            <subfield code="x">Modern</subfield>
            <subfield code="x">20th Century.</subfield>
            <subfield code="2">bisacsh</subfield>
        </datafield>
        <datafield tag="650" ind1=" " ind2="7">
            <subfield code="a">Literary Criticism</subfield>
            <subfield code="x">European</subfield>
            <subfield code="x">English, Irish, Scottish, Welsh.</subfield>
            <subfield code="2">bisacsh</subfield>
        </datafield>
        <datafield tag="650" ind1=" " ind2="7">
            <subfield code="a">Literary Criticism</subfield>
            <subfield code="x">Mystery &amp; Detective.</subfield>
            <subfield code="2">bisacsh</subfield>
        </datafield>
        <datafield tag="650" ind1=" " ind2="7">
            <subfield code="a">Literary studies: fiction, novelists &amp; prose writers.</subfield>
            <subfield code="2">bicssc</subfield>
        </datafield>
        <datafield tag="650" ind1=" " ind2="7">
            <subfield code="a">Literary studies: from c 1900.</subfield>
            <subfield code="2">bicssc</subfield>
        </datafield>
        <datafield tag="856" ind1="4" ind2="0">
            <subfield code="0">ark:/81055/vdc_100152130762.0x000001</subfield>
            <subfield code="a">ark:/81055/vdc_100152130755.0x000001</subfield>
            <subfield code="u">https://nls.ldls.org.uk/welcome.html?ark:/81055/vdc_100152130755.0x000001</subfield>
            <subfield code="z">View item</subfield>
            <subfield code="3">(Electronic Legal Deposit)</subfield>
        </datafield>
        <datafield tag="884" ind1=" " ind2=" ">
            <subfield code="a">LDL ebooks ONIX to marcxml transformation using Record_Load-eBooks_Legal_Deposit_onix2marc_v2-1.xsl</subfield>
            <subfield code="g">20220617</subfield>
            <subfield code="k">9781800854451</subfield>
            <subfield code="q">Uk</subfield>
        </datafield>
        <datafield tag="919" ind1=" " ind2=" ">
            <subfield code="a">ELDEBOOK</subfield>
        </datafield>
    </record>