
    <record>
        <leader>01641nam a22003375i 4500</leader>
        <controlfield tag="001">99116586228204341</controlfield>
        <controlfield tag="005">20181022020911.0</controlfield>
        <controlfield tag="006">m    ||  d |      </controlfield>
        <controlfield tag="007">cr |||||||||||</controlfield>
        <controlfield tag="008">181019s2018    |||||||eo    |||| ||eng  </controlfield>
        <datafield tag="020" ind1=" " ind2=" ">
            <subfield code="a">0429838514</subfield>
            <subfield code="q">(EPUB)</subfield>
        </datafield>
        <datafield tag="020" ind1=" " ind2=" ">
            <subfield code="a">9780429838514</subfield>
            <subfield code="q">(EPUB)</subfield>
        </datafield>
        <datafield tag="024" ind1="7" ind2=" ">
            <subfield code="a">10.4324/9780429452048</subfield>
            <subfield code="2">doi</subfield>
        </datafield>
        <datafield tag="035" ind1=" " ind2=" ">
            <subfield code="a">(Uk)019094368</subfield>
        </datafield>
        <datafield tag="035" ind1=" " ind2=" ">
            <subfield code="a">oai:ldls.org.uk:019094368</subfield>
        </datafield>
        <datafield tag="037" ind1=" " ind2=" ">
            <subfield code="a">9780429838514</subfield>
            <subfield code="b">Ingram Content Group</subfield>
        </datafield>
        <datafield tag="040" ind1=" " ind2=" ">
            <subfield code="a">Uk</subfield>
            <subfield code="b">eng</subfield>
            <subfield code="c">Uk</subfield>
            <subfield code="d">StEdNL</subfield>
        </datafield>
        <datafield tag="100" ind1="1" ind2="0">
            <subfield code="a">Shaw, Marion,</subfield>
            <subfield code="e">author.</subfield>
        </datafield>
        <datafield tag="245" ind1="1" ind2="0">
            <subfield code="a">Reflecting on Miss Marple /</subfield>
            <subfield code="c">Marion Shaw, Sabine Vanacker.</subfield>
        </datafield>
        <datafield tag="250" ind1=" " ind2=" ">
            <subfield code="a">1st</subfield>
        </datafield>
        <datafield tag="264" ind1=" " ind2="1">
            <subfield code="b">Routledge,</subfield>
            <subfield code="c">2018.</subfield>
        </datafield>
        <datafield tag="300" ind1=" " ind2=" ">
            <subfield code="a">1 online resource (130 pages).</subfield>
        </datafield>
        <datafield tag="336" ind1=" " ind2=" ">
            <subfield code="a">text</subfield>
            <subfield code="2">rdacontent</subfield>
        </datafield>
        <datafield tag="337" ind1=" " ind2=" ">
            <subfield code="a">computer</subfield>
            <subfield code="2">rdamedia</subfield>
        </datafield>
        <datafield tag="338" ind1=" " ind2=" ">
            <subfield code="a">online resource</subfield>
            <subfield code="2">rdacarrier</subfield>
        </datafield>
        <datafield tag="490" ind1="1" ind2=" ">
            <subfield code="a">Routledge Revivals</subfield>
        </datafield>
        <datafield tag="505" ind1="0" ind2=" ">
            <subfield code="a">Important Note List of Abbreviations Agatha Christie: Some Biographical Notes Introduction 1. Women Writers and the Golden Age of Detective Fiction 2. Miss Marple the Spinster 3. Two Gills of Picked Shrimps: Miss Marple as Detective 4. Miss Marple's Afterlife Appendix: List of Novels Mentioned in Chapter Four Bibliography and References</subfield>
        </datafield>
        <datafield tag="540" ind1=" " ind2=" ">
            <subfield code="a">Restricted: Printing from this resource is governed by The Legal Deposit Libraries (Non-Print Works) Regulations (UK) and UK copyright law currently in force.</subfield>
            <subfield code="5">Uk</subfield>
        </datafield>
        <datafield tag="700" ind1="1" ind2=" ">
            <subfield code="a">Vanacker, Sabine,</subfield>
            <subfield code="e">author.</subfield>
        </datafield>
        <datafield tag="856" ind1="4" ind2="0">
            <subfield code="0">ark:/81055/vdc_100069199933.0x000001</subfield>
            <subfield code="a">ark:/81055/vdc_100069199897.0x000001</subfield>
            <subfield code="u">https://nls.ldls.org.uk/welcome.html?ark:/81055/vdc_100069199897.0x000001</subfield>
            <subfield code="z">View item</subfield>
            <subfield code="3">(Electronic Legal Deposit)</subfield>
        </datafield>
        <datafield tag="919" ind1=" " ind2=" ">
            <subfield code="a">ELDEBOOK</subfield>
        </datafield>
    </record>