
    <record>
        <leader>01825nam a22003975i 4500</leader>
        <controlfield tag="001">99116871672204341</controlfield>
        <controlfield tag="005">20231019021612.0</controlfield>
        <controlfield tag="006">m    ||  d |      </controlfield>
        <controlfield tag="007">cr |||||||||||</controlfield>
        <controlfield tag="008">231015s2011    xxk||||go    |||| ||eng  </controlfield>
        <datafield tag="020" ind1=" " ind2=" ">
            <subfield code="a">178033446X</subfield>
            <subfield code="q">(Electronic book (EPUB format))</subfield>
        </datafield>
        <datafield tag="020" ind1=" " ind2=" ">
            <subfield code="a">9781780334462</subfield>
            <subfield code="q">(Electronic book (EPUB format))</subfield>
        </datafield>
        <datafield tag="020" ind1=" " ind2=" ">
            <subfield code="z">9781845293888</subfield>
            <subfield code="q">(print)</subfield>
        </datafield>
        <datafield tag="035" ind1=" " ind2=" ">
            <subfield code="a">(Uk)021258020</subfield>
        </datafield>
        <datafield tag="035" ind1=" " ind2=" ">
            <subfield code="a">oai:ldls.org.uk:021258020</subfield>
        </datafield>
        <datafield tag="037" ind1=" " ind2=" ">
            <subfield code="a">9781780334462</subfield>
            <subfield code="b">Hachette UK</subfield>
        </datafield>
        <datafield tag="040" ind1=" " ind2=" ">
            <subfield code="a">Uk</subfield>
            <subfield code="b">eng</subfield>
            <subfield code="c">Uk</subfield>
            <subfield code="d">StEdNL</subfield>
        </datafield>
        <datafield tag="100" ind1="1" ind2=" ">
            <subfield code="a">Peters, Elizabeth,</subfield>
            <subfield code="e">author.</subfield>
        </datafield>
        <datafield tag="245" ind1="1" ind2="0">
            <subfield code="a">Crocodile on the Sandbank :</subfield>
            <subfield code="b">Miss Marple crossed with Indiana Jones! /</subfield>
            <subfield code="c">Elizabeth Peters.</subfield>
        </datafield>
        <datafield tag="264" ind1=" " ind2="1">
            <subfield code="a">London :</subfield>
            <subfield code="b">C &amp; R Crime,</subfield>
            <subfield code="c">2011.</subfield>
        </datafield>
        <datafield tag="300" ind1=" " ind2=" ">
            <subfield code="a">1 online resource (320 pages)</subfield>
        </datafield>
        <datafield tag="336" ind1=" " ind2=" ">
            <subfield code="a">text</subfield>
            <subfield code="2">rdacontent</subfield>
        </datafield>
        <datafield tag="337" ind1=" " ind2=" ">
            <subfield code="a">computer</subfield>
            <subfield code="2">rdamedia</subfield>
        </datafield>
        <datafield tag="338" ind1=" " ind2=" ">
            <subfield code="a">online resource</subfield>
            <subfield code="2">rdacarrier</subfield>
        </datafield>
        <datafield tag="490" ind1="0" ind2=" ">
            <subfield code="a">Amelia Peabody</subfield>
        </datafield>
        <datafield tag="540" ind1=" " ind2=" ">
            <subfield code="a">Restricted: Printing from this resource is governed by The Legal Deposit Libraries (Non-Print Works) Regulations (UK) and UK copyright law currently in force.</subfield>
            <subfield code="5">Uk</subfield>
        </datafield>
        <datafield tag="650" ind1=" " ind2="7">
            <subfield code="a">Crime &amp; mystery.</subfield>
            <subfield code="2">bicssc</subfield>
        </datafield>
        <datafield tag="650" ind1=" " ind2="7">
            <subfield code="a">Egyptian archaeology / Egyptology.</subfield>
            <subfield code="2">bicssc</subfield>
        </datafield>
        <datafield tag="650" ind1=" " ind2="7">
            <subfield code="a">FICTION</subfield>
            <subfield code="x">Crime.</subfield>
            <subfield code="2">bisacsh</subfield>
        </datafield>
        <datafield tag="650" ind1=" " ind2="7">
            <subfield code="a">FICTION</subfield>
            <subfield code="x">Mystery &amp; Detective</subfield>
            <subfield code="x">Historical.</subfield>
            <subfield code="2">bisacsh</subfield>
        </datafield>
        <datafield tag="650" ind1=" " ind2="7">
            <subfield code="a">FICTION</subfield>
            <subfield code="x">Mystery &amp; Detective</subfield>
            <subfield code="x">Women Sleuths.</subfield>
            <subfield code="2">bisacsh</subfield>
        </datafield>
        <datafield tag="650" ind1=" " ind2="7">
            <subfield code="a">Historical mysteries.</subfield>
            <subfield code="2">bicssc</subfield>
        </datafield>
        <datafield tag="650" ind1=" " ind2="7">
            <subfield code="a">HISTORY</subfield>
            <subfield code="x">Ancient</subfield>
            <subfield code="x">Egypt.</subfield>
            <subfield code="2">bisacsh</subfield>
        </datafield>
        <datafield tag="856" ind1="4" ind2="0">
            <subfield code="0">ark:/81055/vdc_100195559181.0x000001</subfield>
            <subfield code="a">ark:/81055/vdc_100195558473.0x000001</subfield>
            <subfield code="u">https://nls.ldls.org.uk/welcome.html?ark:/81055/vdc_100195558473.0x000001</subfield>
            <subfield code="z">View item</subfield>
            <subfield code="3">(Electronic Legal Deposit)</subfield>
        </datafield>
        <datafield tag="884" ind1=" " ind2=" ">
            <subfield code="a">LDL ebooks ONIX to marcxml transformation using Record_Load-eBooks_Legal_Deposit_onix2marc_v2-1.xsl</subfield>
            <subfield code="g">20231015</subfield>
            <subfield code="k">HachetteUK483900</subfield>
            <subfield code="q">Uk</subfield>
        </datafield>
        <datafield tag="919" ind1=" " ind2=" ">
            <subfield code="a">ELDEBOOK</subfield>
        </datafield>
    </record>
</collection>
